@online{obitko,
		  author 	= {Mark Obitko},
		  title 		= {Introduction to Genetic Algorithms},
		  year 		= {1998},
		  urldate	= {2015-12-03},
		  url			= {https://itkowww.obitko.com/tutorials/genetic-algorithms/index.php}
}

@online{jacobsen,
		  author		= {Lee Jacobson},
		  title		= {Creating a Genetic Algorithm for Beginners},
		  date 		= {2012-02-12},
		  urldate	= {2015-11-30},
		  url			= {http://www.theprojectspot.com/tutorial-post/creating-a-genetic-algorithm-for-beginners/3}
}

@article{paul,
		  title={An introduction to genetic algorithms for numerical optimization},
		  author={Charbonneau, Paul},
		  journal={NCAR Tech. Note TN-450+ IA, 74pp},
		  year={2002}
}

@article{thomas,
		  title={Genetic Algorithm Optimization in Maze Solving Problem},
		  author={Pasquier, Thomas and Erdogan, Julien},
		  journal={Institut Superieur d'Electronique de Paris},
		  url={http://geneticmaze.googlecode.com/files/paper.pdf}
}

@article{beasley,
		  title={An overview of genetic algorithms: Part 1. Fundamentals},
		  author={Beasley, David and Martin, RR and Bull, DR},
		  journal={University computing},
		  volume={15},
		  pages={58--58},
		  year={1993},
		  publisher={WHURR PUBLISHERS}
}
@Book{ Luke2013Metaheuristics,
  author = { Sean Luke },
  title = { Essentials of Metaheuristics},
  edition = { second },
  year = { 2013 },
  publisher = { Lulu },
  url = {https://cs.gmu.edu/~sean/book/metaheuristics/}
}

@online{blackLocal,
  author = { Paul E. Black },
  title = { Local Optimum },
  journal = { Dictionary of Algorithms and Data Structures },
  year = { 2004 },
  urldate = {2015-12-07},
  url = {http://www.nist.gov/dads/HTML/localoptimum.html}
}


@online{blackGlobal,
  author = { Paul E. Black },
  title = { Global Optimum },
  journal = { Dictionary of Algorithms and Data Structures },
  year = { 2004 },
  urldate = {2015-12-07},
  url = {http://www.nist.gov/dads/HTML/globalOptimum.html}
}

@online{hornby2006antenna,
    title={Automated antenna design with evolutionary algorithms},
	 author={Hornby, Gregory S and Globus, Al and Linden, Derek S and Lohn, Jason D},
	 booktitle={AIAA Space},
	 pages={19--21},
	 year={2006},
	 urldate={2015-12-08},
	 url={https://www.researchgate.net/profile/Al_Globus/publication/228909002_Automated_antenna_design_with_evolutionary_algorithms/links/547375300cf216f8cfaff65a.pdf}
}

@online{ardid,
  title={Genetic Algorithm - Maze Solver},
  author={Arild Berg},
  date={1999-12-02},
  urldate={2015-12-01},
  url={http://home.sambee.co.th/MazeSolver/mazega.htm}
}

@online{sondahl,
  title={Genetic Programming Maze Rules},
  author={Forrest Sondahl},
  date={2005-11-28},
  urldate={2015-12-08},
  url={http://cs.northwestern.edu/~fjs750/netlogo/final/mazerules.html}
}
